<record><leader>00000cas a2200000 a 4500</leader><controlfield tag="001">10203579</controlfield><controlfield tag="008">831209d18251827msuwr ne      0    0eng  </controlfield><datafield ind1=" " ind2=" " tag="010"><subfield code="a">sn 83016907 </subfield></datafield><datafield ind1=" " ind2=" " tag="040"><subfield code="a">DLC</subfield><subfield code="b">eng</subfield><subfield code="c">DLC</subfield><subfield code="d">MSJ</subfield><subfield code="d">DLC</subfield><subfield code="d">ANU</subfield><subfield code="d">NVH</subfield><subfield code="d">CRL</subfield><subfield code="d">OCL</subfield><subfield code="d">OCLCG</subfield><subfield code="d">CUI</subfield><subfield code="d">OCLCQ</subfield><subfield code="d">OCLCF</subfield></datafield><datafield ind1="1" ind2=" " tag="029"><subfield code="a">AU@</subfield><subfield code="b">000020122154</subfield></datafield><datafield ind1=" " ind2=" " tag="042"><subfield code="a">pcc</subfield></datafield><datafield ind1=" " ind2=" " tag="043"><subfield code="a">n-us-ms</subfield></datafield><datafield ind1="0" ind2="0" tag="050"><subfield code="a">Newspaper 8563</subfield></datafield><datafield ind1=" " ind2="4" tag="050"><subfield code="a">AN</subfield></datafield><datafield ind1="0" ind2=" " tag="130"><subfield code="a">Natchez gazette (Natchez, Miss. : 1825)</subfield></datafield><datafield ind1="1" ind2="0" tag="245"><subfield code="a">Natchez gazette.</subfield></datafield><datafield ind1=" " ind2=" " tag="260"><subfield code="a">Natchez, Miss. :</subfield><subfield code="b">A. Marschalk,</subfield><subfield code="c">1825-1827.</subfield></datafield><datafield ind1=" " ind2=" " tag="300"><subfield code="a">3 v.</subfield></datafield><datafield ind1=" " ind2=" " tag="310"><subfield code="a">Weekly,</subfield><subfield code="b">Sept. 10, 1825-Feb. 7, 1827</subfield></datafield><datafield ind1=" " ind2=" " tag="321"><subfield code="a">Semiweekly,</subfield><subfield code="b">May 18-Sept. 3, 1825</subfield></datafield><datafield ind1="0" ind2=" " tag="362"><subfield code="a">Vol. 13, no. 21 (May 18, 1825)-[v. 15] no. 6 (Feb. 10, 1827).</subfield></datafield><datafield ind1=" " ind2=" " tag="500"><subfield code="a">Title varies slightly.</subfield></datafield><datafield ind1=" " ind2=" " tag="500"><subfield code="a">Editor: Andrew Marschalk.</subfield></datafield><datafield ind1=" " ind2=" " tag="515"><subfield code="a">Vol. 15, no. 1-6 misnumbered v. 24; called also: whole no. 1226-1231.</subfield></datafield><datafield ind1=" " ind2=" " tag="530"><subfield code="a">Also issued on microfilm from UMI.</subfield></datafield><datafield ind1=" " ind2=" " tag="580"><subfield code="a">Merged with: Mississippi statesman (Natchez, Miss. : 1826), to form: Mississippi statesman and Natchez gazette (Natchez, Miss. : 1827).</subfield></datafield><datafield ind1=" " ind2="0" tag="651"><subfield code="a">Natchez (Miss.)</subfield><subfield code="v">Newspapers.</subfield></datafield><datafield ind1=" " ind2="0" tag="651"><subfield code="a">Adams County (Miss.)</subfield><subfield code="v">Newspapers.</subfield></datafield><datafield ind1=" " ind2="7" tag="655"><subfield code="a">Newspapers.</subfield><subfield code="2">fast</subfield><subfield code="0">(OCoLC)fst01423814</subfield></datafield><datafield ind1=" " ind2="7" tag="651"><subfield code="a">Mississippi</subfield><subfield code="z">Adams County.</subfield><subfield code="2">fast</subfield><subfield code="0">(OCoLC)fst01214708</subfield></datafield><datafield ind1=" " ind2="7" tag="651"><subfield code="a">Mississippi</subfield><subfield code="z">Natchez.</subfield><subfield code="2">fast</subfield><subfield code="0">(OCoLC)fst01204961</subfield></datafield><datafield ind1="1" ind2=" " tag="700"><subfield code="a">Marschalk, Andrew,</subfield><subfield code="d">1767-1838.</subfield></datafield><datafield ind1=" " ind2=" " tag="752"><subfield code="a">United States</subfield><subfield code="b">Mississippi</subfield><subfield code="c">Adams</subfield><subfield code="d">Natchez.</subfield></datafield><datafield ind1="0" ind2="8" tag="776"><subfield code="i">Online version:</subfield><subfield code="t">Natchez gazette (Natchez, Miss. : 1825 : Online)</subfield><subfield code="w">(OCoLC)659614657</subfield></datafield><datafield ind1="0" ind2="0" tag="780"><subfield code="t">Mississippi state gazette (Natchez, Miss. : 1818)</subfield><subfield code="w">(DLC)sn 83016908</subfield><subfield code="w">(OCoLC)10203646</subfield></datafield><datafield ind1="1" ind2="7" tag="785"><subfield code="t">Mississippi statesman (Natchez, Miss. : 1826)</subfield><subfield code="w">(DLC)sn 84024273</subfield><subfield code="w">(OCoLC)10931268</subfield></datafield><datafield ind1="1" ind2="7" tag="785"><subfield code="t">Mississippi statesman and Natchez gazette (Natchez, Miss. : 1827)</subfield><subfield code="w">(DLC)sn 83016906</subfield><subfield code="w">(OCoLC)10203480</subfield></datafield></record>